@inproceedings{li-liang-2021-prefix,
    title = "Prefix-{T}uning: Optimizing Continuous Prompts for Generation",
    author = "Li, Xiang Lisa  and
      Liang, Percy",
    booktitle = "Proceedings of the 59th Annual Meeting of the Association for Computational Linguistics and the 11th International Joint Conference on Natural Language Processing (Volume 1: Long Papers)",
    month = aug,
    year = "2021",
    address = "Online",
    publisher = "Association for Computational Linguistics",
    xurl = "https://aclanthology.org/2021.acl-long.353",
    xdoi = "10.18653/v1/2021.acl-long.353",
    pages = "4582--4597",
}

@inproceedings{hu2021lora,
  title={{LoRA}: Low-Rank Adaptation of Large Language Models},
  author={Hu, Edward J and Wallis, Phillip and Allen-Zhu, Zeyuan and Li, Yuanzhi and Wang, Shean and Wang, Lu and Chen, Weizhu and others},
  booktitle={International Conference on Learning Representations},
  year={2021}
}

@inproceedings{hasan-etal-2021-xl,
    title = "{XL}-{S}um: Large-Scale Multilingual Abstractive Summarization for 44 Languages",
    author = "Hasan, Tahmid  and
      Bhattacharjee, Abhik  and
      Islam, Md. Saiful  and
      Mubasshir, Kazi  and
      Li, Yuan-Fang  and
      Kang, Yong-Bin  and
      Rahman, M. Sohel  and
      Shahriyar, Rifat",
    booktitle = "Findings of the Association for Computational Linguistics: ACL-IJCNLP 2021",
    month = aug,
    year = "2021",
    address = "Online",
    publisher = "Association for Computational Linguistics",
    xurl = "https://aclanthology.org/2021.findings-acl.413",
    xdoi = "10.18653/v1/2021.findings-acl.413",
    pages = "4693--4703",
}

@inproceedings{xue-etal-2021-mt5,
    title = "m{T}5: A Massively Multilingual Pre-trained Text-to-Text Transformer",
    author = "Xue, Linting  and
      Constant, Noah  and
      Roberts, Adam  and
      Kale, Mihir  and
      Al-Rfou, Rami  and
      Siddhant, Aditya  and
      Barua, Aditya  and
      Raffel, Colin",
    booktitle = "Proceedings of the 2021 Conference of the North American Chapter of the Association for Computational Linguistics: Human Language Technologies",
    month = jun,
    year = "2021",
    address = "Online",
    publisher = "Association for Computational Linguistics",
    xurl = "https://aclanthology.org/2021.naacl-main.41",
    xdoi = "10.18653/v1/2021.naacl-main.41",
    pages = "483--498",
}

@article{liu2020multilingual,
  title={Multilingual denoising pre-training for neural machine translation},
  author={Liu, Yinhan and Gu, Jiatao and Goyal, Naman and Li, Xian and Edunov, Sergey and Ghazvininejad, Marjan and Lewis, Mike and Zettlemoyer, Luke},
  journal={Transactions of the Association for Computational Linguistics},
  volume={8},
  pages={726--742},
  year={2020},
  publisher={MIT Press}
}